%
%  Vzor bibliografické databáze pro automatickou tvorbu seznamu referencí
%  pomocí BibTeXu
%
%  Doporučený software pro správu databáze literatury formátu *.bib:
%    JabRef, http://jabref.sourceforge.net/
%
%  POZOR:
%
%    *  Písmena v názvech publikací, jež je třeba tisknout vždy velká, se musejí psát
%       do složených závorek ({T}hailand, {HIV})
%
%  ===========================================================================

@online{
nudz-profil,
    title = {Profil},
    publisher = {Národní ústav duševního zdraví},
    url = {https://www.nudz.cz/o-nas/profil},
    note = {Navštíveno 6. 4. 2024}
}

@online{
uml-specifikace,
    title = {{OMG} {U}nified {M}odeling {L}anguage ({OMG UML})},
    version = {2.5.1},
    url = {https://www.omg.org/spec/UML/2.5.1/PDF},
    note = {Navštíveno 6. 4. 2024}
}

@online{
in-memory-db-definition,
    title = {What {I}s an {I}n-{M}emory {D}atabase?},
    url = {https://aws.amazon.com/nosql/in-memory/},
    note = {Navštíveno 6. 4. 2024},
}

@online{
hot-module-replacement-definition,
    title = {Hot {M}odule {R}eplacement},
    url = {https://webpack.js.org/concepts/hot-module-replacement/},
    note = {Navštíveno 6. 4. 2024}
}

@online{
react-i18next-npm,
    title = {react-i18next},
    url = {https://www.npmjs.com/package/react-i18next},
    note = {Navštíveno 6. 4. 2024}
}

@online{
orm-definition,
    title = {What is an {ORM}?},
    url = {https://www.prisma.io/dataguide/types/relational/what-is-an-orm},
    note = {Navštíveno 6. 4. 2024}
}

@online{
why-coding-style-matters,
    title = {Why {C}oding {S}tyle {M}atters},
    url = {https://www.smashingmagazine.com/2012/10/why-coding-style-matters/},
    note = {Navštíveno 6. 4. 2024}
}

@online{
eslint,
    title = {eslint},
    url = {https://www.npmjs.com/package/eslint},
    note = {Navštíveno 6. 4. 2024}
}

@online{
jshint,
    title = {jshint},
    url = {https://www.npmjs.com/package/jshint},
    note = {Navštíveno 6. 4. 2024}
}

@online{
ci-fowler,
    title = {Continuous {I}ntegration},
    url = {https://martinfowler.com/articles/continuousIntegration.html},
    author = {Martin Fowler},
    note = {Navštíveno 6. 4. 2024}
}

@online{
what-is-diagrams-as-code,
    title = {What is diagram as code?},
    url = {https://docs.eraser.io/docs/diagram-as-code},
    note = {Navštíveno 6. 4. 2024}
}

@online{
what-is-passworless,
    title = {What {I}s {P}asswordless {A}uthentication?},
    url = {https://auth0.com/blog/what-is-passwordless-authentication/},
    note = {Navštíveno 6. 4. 2024}
}

@online{
nextjs-telemetry,
    title = {Telemetry},
    url = {https://nextjs.org/telemetry},
    note = {Navštíveno 6. 4. 2024}
}

@online{
formio-telemetry-issue,
    title = {Data collection},
    url = {https://github.com/formio/formio/issues/1499},
    note = {Navštíveno 6. 4. 2024}
}

@online{
user-tracking-typeform,
    title = {How can {I} track user behaviour on my {T}ypeform?},
    url = {https://community.typeform.com/your-typeform-results-32/how-can-i-track-user-behaviour-on-my-typeform-1777},
    note = {Navštíveno 6. 4. 2024}
}

@online{
user-data-typeform,
    title = {What other companies do we share data with?},
    url = {https://www.typeform.com/help/a/what-other-companies-do-we-share-data-with-360029617191/},
    note = {Navštíveno 6. 4. 2024}
}

@online{
formio-use-camundacon,
    title = {Camunda + {K}eycloak + {F}orm.io ({C}amunda{Con} 2019)},
    url = {https://www.youtube.com/watch?v=nuf46N5vU34},
    note = {Navštíveno 6. 4. 2024}
}

@online{
state-of-grpc,
    title = {The state of g{RPC} in the browser},
    url = {https://grpc.io/blog/state-of-grpc-web/},
    note = {Navštíveno 6. 4. 2024}
}

@online{
server-survey,
    title = {March 2023 {W}eb {S}erver {S}urvey},
    url = {https://www.netcraft.com/blog/march-2023-web-server-survey/},
    note = {Navštíveno 6. 4. 2024}
}

@online{
save-and-return-typeform,
    title = {Save and return to your typeform later},
    url = {https://www.typeform.com/help/a/save-and-return-to-your-typeform-later-360029581051/},
    note = {Navštíveno 6. 4. 2024}
}

@online{
save-and-return-formio,
    title = {Save as {D}raft},
    url = {https://help.form.io/faq/tutorials-and-workflows/save-as-draft},
    note = {Navštíveno 6. 4. 2024}
}

@online{
save-and-return-google-forms,
    title = {Autosave your response progress on a {G}oogle {F}orm},
    url = {https://support.google.com/docs/answer/10952360?hl=en},
    note = {Navštíveno 6. 4. 2024}
}

@online{
semantic-lock-countermeasure-def,
    title = {Managing data consistency in a microservice architecture using {S}agas - part 1},
    url = {https://microservices.io/post/microservices/2019/07/09/developing-sagas-part-1.html},
    note = {Navštíveno 6. 4. 2024}
}

@online{
crud-def,
    title = {What is {CRUD}?},
    url = {https://www.codecademy.com/article/what-is-crud},
    note = {Navštíveno 6. 4. 2024}
}